% Modelos de referências em BibTeX

% ATENCAO:
%
% - para preservar as maiúsculas em siglas nos títulos, use {...}.
    Veja um exemplo na referência "iskandar00" abaixo.


%%%%% exemplo de URL (páginas Web)
@phdthesis{Enciso2009,
  author    = {Rosa Enciso},
  title     = {Alliances In Graphs: Parameterized Algorithms And On Partitioning Series-parallel Graphs},
  year      = {2009},
  school    = {University of Central Florida},
  url       = {http://purl.fcla.edu/fcla/etd/CFE0002956},
}

@article{kristiansen2004alliances,
  title={Alliances in graphs},
  author={Kristiansen, Petter and Hedetniemi, Sandra M and Hedetniemi, Stephen T},
  journal={Journal of Combinatorial Mathematics and Combinatorial Computing},
  volume={48},
  pages={157--178},
  year={2004},
  publisher={CHARLES BABBAGE RESEARCH CENTRE}
}

@phdthesis{HassanShafique2004,
  author    = {Khurram Hassan-Shafique},
  title     = {Partitioning A Graph In Alliances And Its Application To Data Clustering},
  year      = {2004},
  school    = {University of Central Florida},
  url       = {http://purl.fcla.edu/fcla/etd/CFE0000263},
}

@misc{ref5,
   author       = {Vasturiano},
   title        = {react-force-graph},
   howpublished = {\url{https://github.com/vasturiano/react-force-graph}},
   year         = {2024},
   note         = {GitHub}
}

@article{Haynes2006,
  author  = {Teresa Haynes and Debra Knisley and Edith Seier and Yue Zou},
  title   = {A quantitative analysis of secondary RNA structure using domination based parameters on trees},
  journal = {BMC Bioinformatics},
  volume  = {7},
  number  = {1},
  pages   = {108},
  year    = {2006},
  doi     = {10.1186/1471-2105-7-108},
}

@book{Bondy2008,
  author    = {J.A. Bondy and U.S.R. Murty},
  title     = {Graph Theory},
  year      = {2008},
  publisher = {Springer Publishing Company},
}